<record><leader>00000cas a2200000 a 4500</leader><controlfield tag="001">5463533</controlfield><controlfield tag="008">791003d19571970nyumn ne      0   a0eng c</controlfield><datafield ind1=" " ind2=" " tag="010"><subfield code="a">sn 85064714 </subfield></datafield><datafield ind1=" " ind2=" " tag="040"><subfield code="a">IUL</subfield><subfield code="b">eng</subfield><subfield code="c">IUL</subfield><subfield code="d">MUL</subfield><subfield code="d">NYG</subfield><subfield code="d">OCL</subfield><subfield code="d">DLC</subfield><subfield code="d">NST</subfield><subfield code="d">CNW</subfield><subfield code="d">OCLCQ</subfield><subfield code="d">ZYU</subfield><subfield code="d">CUV</subfield><subfield code="d">OCLCQ</subfield><subfield code="d">OCLCF</subfield><subfield code="d">CUI</subfield><subfield code="d">OCL</subfield></datafield><datafield ind1=" " ind2=" " tag="012"><subfield code="b">3</subfield></datafield><datafield ind1=" " ind2=" " tag="019"><subfield code="a">1644035</subfield></datafield><datafield ind1=" " ind2=" " tag="022"><subfield code="a">0513-6113</subfield></datafield><datafield ind1=" " ind2=" " tag="042"><subfield code="a">pcc</subfield></datafield><datafield ind1=" " ind2="4" tag="050"><subfield code="a">HX1</subfield><subfield code="b">.Y68</subfield></datafield><datafield ind1=" " ind2=" " tag="092"><subfield code="a">335.405</subfield><subfield code="b">fY78</subfield></datafield><datafield ind1="0" ind2="0" tag="245"><subfield code="a">Young socialist.</subfield></datafield><datafield ind1=" " ind2=" " tag="260"><subfield code="3">1957- :</subfield><subfield code="a">[New York :</subfield><subfield code="b">s.n.]</subfield></datafield><datafield ind1=" " ind2="1" tag="264"><subfield code="3">1960- :</subfield><subfield code="a">New York, N.Y. :</subfield><subfield code="b">Young Socialist Alliance</subfield></datafield><datafield ind1=" " ind2=" " tag="300"><subfield code="a">13 v. :</subfield><subfield code="b">ill. ;</subfield><subfield code="c">28-42 cm.</subfield></datafield><datafield ind1=" " ind2=" " tag="310"><subfield code="a">Monthly (except bimonthly July-Aug),</subfield><subfield code="b">&lt;Nov. 1969-&gt;</subfield></datafield><datafield ind1=" " ind2=" " tag="321"><subfield code="a">Monthly,</subfield><subfield code="b">1957-Feb. 1962&gt;</subfield></datafield><datafield ind1=" " ind2=" " tag="336"><subfield code="a">text</subfield><subfield code="2">rdacontent</subfield></datafield><datafield ind1=" " ind2=" " tag="337"><subfield code="a">unmediated</subfield><subfield code="2">rdamedia</subfield></datafield><datafield ind1=" " ind2=" " tag="338"><subfield code="a">volume</subfield><subfield code="2">rdacarrier</subfield></datafield><datafield ind1="0" ind2=" " tag="362"><subfield code="a">Vol. 1, no. 1 (Oct. 1957)-v. 13, no. 1 (Jan. 1970).</subfield></datafield><datafield ind1=" " ind2=" " tag="500"><subfield code="a">"Voice of American radical youth." (subtitle varies).</subfield></datafield><datafield ind1=" " ind2=" " tag="515"><subfield code="a">Vol. 13, no. 1 (Jan. 1970) also called Special final issue.</subfield></datafield><datafield ind1=" " ind2=" " tag="530"><subfield code="a">Available on microfilm from Bell &amp; Howell (Underground newspaper collection), and: AMS Press, Inc.</subfield></datafield><datafield ind1=" " ind2=" " tag="580"><subfield code="a">Continued in part by: Young socialist-the organizer; and absorbed in part by: International Socialist review, in May 1970.</subfield></datafield><datafield ind1=" " ind2=" " tag="588"><subfield code="a">Title from caption.</subfield></datafield><datafield ind1=" " ind2="0" tag="650"><subfield code="a">Socialism</subfield><subfield code="v">Newspapers.</subfield></datafield><datafield ind1=" " ind2="0" tag="650"><subfield code="a">Socialism and youth</subfield><subfield code="v">Newspapers.</subfield></datafield><datafield ind1=" " ind2="0" tag="650"><subfield code="a">Radicalism</subfield><subfield code="z">United States</subfield><subfield code="v">Newspapers.</subfield></datafield><datafield ind1=" " ind2="7" tag="655"><subfield code="a">Newspapers.</subfield><subfield code="2">fast</subfield><subfield code="0">(OCoLC)fst01423814</subfield></datafield><datafield ind1=" " ind2="7" tag="650"><subfield code="a">Radicalism.</subfield><subfield code="2">fast</subfield><subfield code="0">(OCoLC)fst01087015</subfield></datafield><datafield ind1=" " ind2="7" tag="650"><subfield code="a">Socialism.</subfield><subfield code="2">fast</subfield><subfield code="0">(OCoLC)fst01123637</subfield></datafield><datafield ind1=" " ind2="7" tag="650"><subfield code="a">Socialism and youth.</subfield><subfield code="2">fast</subfield><subfield code="0">(OCoLC)fst01123706</subfield></datafield><datafield ind1=" " ind2="7" tag="651"><subfield code="a">United States.</subfield><subfield code="2">fast</subfield><subfield code="0">(OCoLC)fst01204155</subfield></datafield><datafield ind1="2" ind2=" " tag="710"><subfield code="a">Young Socialist Alliance (U.S.)</subfield></datafield><datafield ind1=" " ind2=" " tag="752"><subfield code="a">United States</subfield><subfield code="b">New York</subfield><subfield code="c">New York</subfield><subfield code="d">New York.</subfield></datafield><datafield ind1="1" ind2=" " tag="776"><subfield code="t">Young socialist</subfield><subfield code="w">(OCoLC)10719371</subfield></datafield><datafield ind1="1" ind2=" " tag="776"><subfield code="t">Young socialist</subfield><subfield code="w">(OCoLC)4819958</subfield></datafield><datafield ind1="1" ind2="1" tag="785"><subfield code="t">Young socialist-the organizer</subfield><subfield code="x">0044-0892</subfield><subfield code="w">(DLC)   75613319</subfield><subfield code="w">(OCoLC)1446933</subfield></datafield><datafield ind1="1" ind2="5" tag="785"><subfield code="t">International Socialist review</subfield><subfield code="x">0020-8744</subfield><subfield code="w">(DLC)sc 78000044</subfield><subfield code="w">(OCoLC)2262633</subfield></datafield><datafield ind1=" " ind2=" " tag="850"><subfield code="a">KU-S</subfield><subfield code="a">NcD</subfield><subfield code="a">PU</subfield></datafield><datafield ind1=" " ind2=" " tag="936"><subfield code="a">Oct. 1957</subfield><subfield code="a">Dec. 1969</subfield></datafield></record>